<?xml version="1.0" encoding="UTF-8"?>
<record>
  <leader>02607nas a2200541#c 4500</leader>
  <controlfield tag="005">20221207134215.0</controlfield>
  <controlfield tag="007">tu</controlfield>
  <controlfield tag="008">991118d19642000xx m||p|  ||| 0||||1ger c</controlfield>
  <controlfield tag="003">DE-605</controlfield>
  <controlfield tag="001">990053976760206441</controlfield>
  <datafield tag="015" ind1=" " ind2=" ">
    <subfield code="a">01,A10,0831</subfield>
    <subfield code="2">dnb</subfield>
  </datafield>
  <datafield tag="016" ind1="7" ind2=" ">
    <subfield code="a">123550-3</subfield>
    <subfield code="2">DE-600</subfield>
  </datafield>
  <datafield tag="016" ind1="7" ind2=" ">
    <subfield code="a">010694188</subfield>
    <subfield code="2">DE-101</subfield>
  </datafield>
  <datafield tag="022" ind1=" " ind2=" ">
    <subfield code="a">0031-9244</subfield>
  </datafield>
  <datafield tag="035" ind1=" " ind2=" ">
    <subfield code="a">(DE-599)ZDB123550-3</subfield>
  </datafield>
  <datafield tag="035" ind1=" " ind2=" ">
    <subfield code="a">(OCoLC)1367315083</subfield>
  </datafield>
  <datafield tag="035" ind1=" " ind2=" ">
    <subfield code="a">(DE-600)123550-3</subfield>
  </datafield>
  <datafield tag="035" ind1=" " ind2=" ">
    <subfield code="a">(DE-101)010694188</subfield>
  </datafield>
  <datafield tag="040" ind1=" " ind2=" ">
    <subfield code="a">9001</subfield>
    <subfield code="b">ger</subfield>
    <subfield code="c">DE-101</subfield>
    <subfield code="d">0005</subfield>
  </datafield>
  <datafield tag="041" ind1=" " ind2=" ">
    <subfield code="a">ger</subfield>
  </datafield>
  <datafield tag="044" ind1=" " ind2=" ">
    <subfield code="c">XA-DDDE</subfield>
    <subfield code="c">XA-DE</subfield>
  </datafield>
  <datafield tag="084" ind1=" " ind2=" ">
    <subfield code="a">22</subfield>
    <subfield code="a">29</subfield>
    <subfield code="a">78</subfield>
    <subfield code="a">370</subfield>
    <subfield code="q">DE-101</subfield>
    <subfield code="2">sdnb</subfield>
  </datafield>
  <datafield tag="084" ind1=" " ind2=" ">
    <subfield code="a">PHY 002z</subfield>
    <subfield code="2">stub</subfield>
  </datafield>
  <datafield tag="084" ind1=" " ind2=" ">
    <subfield code="a">6.4</subfield>
    <subfield code="q">DE-101</subfield>
    <subfield code="2">sswd</subfield>
  </datafield>
  <datafield tag="084" ind1=" " ind2=" ">
    <subfield code="a">UA 1000</subfield>
    <subfield code="2">rvk</subfield>
  </datafield>
  <datafield tag="084" ind1=" " ind2=" ">
    <subfield code="a">370</subfield>
    <subfield code="a">530</subfield>
    <subfield code="q">DE-600</subfield>
    <subfield code="2">sdnb</subfield>
  </datafield>
  <datafield tag="210" ind1="0" ind2="0">
    <subfield code="a">Phys. Sch.</subfield>
  </datafield>
  <datafield tag="245" ind1="0" ind2="0">
    <subfield code="a">Physik in der Schule</subfield>
  </datafield>
  <datafield tag="264" ind1="3" ind2="1">
    <subfield code="a">Berlin</subfield>
    <subfield code="b">Pädagogischer Zeitschriftenverl.</subfield>
    <subfield code="c">1964-2000</subfield>
  </datafield>
  <datafield tag="264" ind1="2" ind2="1">
    <subfield code="a">Berlin</subfield>
    <subfield code="b">Verl. Volk &amp; Wissen</subfield>
    <subfield code="c">anfangs</subfield>
  </datafield>
  <datafield tag="336" ind1=" " ind2=" ">
    <subfield code="b">txt</subfield>
  </datafield>
  <datafield tag="337" ind1=" " ind2=" ">
    <subfield code="b">n</subfield>
  </datafield>
  <datafield tag="338" ind1=" " ind2=" ">
    <subfield code="b">nc</subfield>
  </datafield>
  <datafield tag="362" ind1="0" ind2=" ">
    <subfield code="a">2.1964,7 - 38.2000</subfield>
  </datafield>
  <datafield tag="363" ind1="0" ind2="0">
    <subfield code="8">1.1\x</subfield>
    <subfield code="a">2</subfield>
    <subfield code="b">7</subfield>
    <subfield code="i">1964</subfield>
  </datafield>
  <datafield tag="363" ind1="1" ind2="0">
    <subfield code="8">1.2\x</subfield>
    <subfield code="i">2000</subfield>
  </datafield>
  <datafield tag="365" ind1=" " ind2=" ">
    <subfield code="b">: DM 16.20 (Einzelh., zzgl. Versandkosten), sfr  15.80 (Einzelh., zzgl. Versandkosten), S 118.00 (Einzelh., zzgl. Versandkosten), DM 89.60 (jährl., zzgl. Versandkosten), sfr 81.60 (jährl., zzgl. Versandkosten), S 654.00 (jährl., zzgl. Versandkosten), 60.00 (jährl., für Studenten, zzgl. Versandkosten), 54.60 (jährl., für Studenten, zzgl. Versandkosten), 438.00 (jährl., für Studenten, zzgl. Versandkosten)</subfield>
  </datafield>
  <datafield tag="689" ind1="0" ind2="0">
    <subfield code="a">Physikunterricht</subfield>
    <subfield code="D">s</subfield>
    <subfield code="0">(DE-588)4045977-9</subfield>
  </datafield>
  <datafield tag="689" ind1="0" ind2=" ">
    <subfield code="5">DE-101</subfield>
  </datafield>
  <datafield tag="770" ind1="0" ind2="8">
    <subfield code="i">Beil.:</subfield>
    <subfield code="a">Pädagogischer Zeitschriftenverlag &lt;Berlin&gt;</subfield>
    <subfield code="t">PZV-Ratgeber / Sekundarstufen. Sekundarstufen</subfield>
    <subfield code="d">Berlin, 1998-2000</subfield>
    <subfield code="w">(DE-600)1429221-X</subfield>
  </datafield>
  <datafield tag="780" ind1="0" ind2="0">
    <subfield code="i">Vorg.:</subfield>
    <subfield code="t">Physik in der Schule / A. Ausgabe A</subfield>
    <subfield code="d">Berlin : Verl. Volk &amp; Wissen, 1963-1964</subfield>
    <subfield code="w">(DE-600)505442-4</subfield>
  </datafield>
  <datafield tag="780" ind1="0" ind2="0">
    <subfield code="i">Vorg.:</subfield>
    <subfield code="t">Physik in der Schule / B. Ausgabe B</subfield>
    <subfield code="d">Berlin : Verl. Volk &amp; Wissen, 1963-1964</subfield>
    <subfield code="w">(DE-600)505453-9</subfield>
  </datafield>
  <datafield tag="785" ind1="0" ind2="0">
    <subfield code="i">Forts.:</subfield>
    <subfield code="t">Praxis der Naturwissenschaften - Physik in der Schule</subfield>
    <subfield code="d">Hallbergmoos : Aulis, 2001-[2017]</subfield>
    <subfield code="x">1617-5689</subfield>
    <subfield code="w">(DE-600)2036417-9</subfield>
  </datafield>
  <datafield tag="655" ind1=" " ind2="7">
    <subfield code="a">Zeitschrift</subfield>
    <subfield code="0">(DE-588)4067488-5</subfield>
    <subfield code="2">gnd-content</subfield>
  </datafield>
  <datafield tag="591" ind1=" " ind2=" ">
    <subfield code="a">61!(28-02-01)</subfield>
  </datafield>
  <datafield tag="MBD" ind1=" " ind2=" ">
    <subfield code="M">49HBZ_NETWORK</subfield>
    <subfield code="i">990053976760206441</subfield>
    <subfield code="n">HBZ Network</subfield>
  </datafield>
  <datafield tag="MBD" ind1=" " ind2=" ">
    <subfield code="M">49HBZ_WUP</subfield>
    <subfield code="i">990000735140206447</subfield>
    <subfield code="n">Bergische Universität Wuppertal</subfield>
  </datafield>
  <datafield tag="983" ind1=" " ind2=" ">
    <subfield code="b">67</subfield>
    <subfield code="9">LOCAL</subfield>
    <subfield code="M">49HBZ_WUP</subfield>
  </datafield>
  <datafield tag="MBD" ind1=" " ind2=" ">
    <subfield code="M">49HBZ_SIE</subfield>
    <subfield code="i">990000843550106462</subfield>
    <subfield code="n">Universität Siegen</subfield>
  </datafield>
  <datafield tag="MNG" ind1=" " ind2=" ">
    <subfield code="c">System</subfield>
    <subfield code="f">ZDB</subfield>
    <subfield code="i">marc21</subfield>
    <subfield code="h">20221207134215.0</subfield>
    <subfield code="k">01</subfield>
    <subfield code="e">false</subfield>
    <subfield code="d">2023-04-22 19:56:51 Europe/Berlin</subfield>
    <subfield code="g">005397676-HBZ01</subfield>
    <subfield code="j">90</subfield>
    <subfield code="a">import</subfield>
    <subfield code="b">2021-04-05 18:36:15 Europe/Berlin</subfield>
  </datafield>
  <datafield tag="H16" ind1="7" ind2=" ">
    <subfield code="a">123550-3</subfield>
    <subfield code="2">DE-600</subfield>
    <subfield code="8">22142187260006447</subfield>
  </datafield>
  <datafield tag="H35" ind1=" " ind2=" ">
    <subfield code="a">(DE-600)006180183</subfield>
    <subfield code="8">22142187260006447</subfield>
  </datafield>
  <datafield tag="H92" ind1=" " ind2=" ">
    <subfield code="a">561000-X</subfield>
    <subfield code="k">NRW</subfield>
    <subfield code="l">a</subfield>
    <subfield code="o">c</subfield>
    <subfield code="p">x</subfield>
    <subfield code="8">22142187260006447</subfield>
  </datafield>
  <datafield tag="H52" ind1="8" ind2="1">
    <subfield code="a">DE-468</subfield>
    <subfield code="b">W0001</subfield>
    <subfield code="c">04</subfield>
    <subfield code="h">67P9</subfield>
    <subfield code="8">1</subfield>
    <subfield code="8">22142187260006447</subfield>
  </datafield>
  <datafield tag="H59" ind1="0" ind2="0">
    <subfield code="8">1.1\x</subfield>
    <subfield code="a">8</subfield>
    <subfield code="i">1970</subfield>
    <subfield code="8">22142187260006447</subfield>
  </datafield>
  <datafield tag="H59" ind1="1" ind2="0">
    <subfield code="8">1.2\x</subfield>
    <subfield code="a">38</subfield>
    <subfield code="i">2000</subfield>
    <subfield code="8">22142187260006447</subfield>
  </datafield>
  <datafield tag="H66" ind1="3" ind2="0">
    <subfield code="a">8.1970 - 38.2000</subfield>
    <subfield code="8">22142187260006447</subfield>
  </datafield>
  <datafield tag="HOL" ind1=" " ind2=" ">
    <subfield code="b">2021-04-06 08:44:24</subfield>
    <subfield code="8">22142187260006447</subfield>
    <subfield code="M">49HBZ_WUP</subfield>
    <subfield code="g">false</subfield>
    <subfield code="a">import</subfield>
  </datafield>
  <datafield tag="H35" ind1=" " ind2=" ">
    <subfield code="a">(DE-600)006180175</subfield>
    <subfield code="8">2279886200006462</subfield>
  </datafield>
  <datafield tag="H92" ind1=" " ind2=" ">
    <subfield code="a">591000-6</subfield>
    <subfield code="k">NRW</subfield>
    <subfield code="l">a</subfield>
    <subfield code="o">c</subfield>
    <subfield code="p">x</subfield>
    <subfield code="8">2279886200006462</subfield>
  </datafield>
  <datafield tag="H52" ind1="8" ind2="1">
    <subfield code="a">DE-467</subfield>
    <subfield code="b">S0001</subfield>
    <subfield code="c">FMZS</subfield>
    <subfield code="h">04-67P43</subfield>
    <subfield code="8">1</subfield>
    <subfield code="8">2279886200006462</subfield>
  </datafield>
  <datafield tag="H59" ind1="0" ind2="0">
    <subfield code="8">1.1\x</subfield>
    <subfield code="a">2</subfield>
    <subfield code="i">1964</subfield>
    <subfield code="8">2279886200006462</subfield>
  </datafield>
  <datafield tag="H59" ind1="1" ind2="0">
    <subfield code="8">1.2\x</subfield>
    <subfield code="a">38</subfield>
    <subfield code="i">2000</subfield>
    <subfield code="8">2279886200006462</subfield>
  </datafield>
  <datafield tag="H66" ind1="3" ind2="0">
    <subfield code="a">2.1964,7 - 38.2000</subfield>
    <subfield code="8">2279886200006462</subfield>
  </datafield>
  <datafield tag="HOL" ind1=" " ind2=" ">
    <subfield code="b">2022-07-11 08:42:52</subfield>
    <subfield code="8">2279886200006462</subfield>
    <subfield code="M">49HBZ_SIE</subfield>
    <subfield code="g">false</subfield>
    <subfield code="a">import</subfield>
  </datafield>
  <datafield tag="ITM" ind1=" " ind2=" ">
    <subfield code="H">2279886200006462</subfield>
    <subfield code="x">FMZS</subfield>
    <subfield code="f">NEWSPAPER</subfield>
    <subfield code="v">FMZS</subfield>
    <subfield code="p">19</subfield>
    <subfield code="X">System</subfield>
    <subfield code="U">2007-04-18 12:59:00 Europe/Berlin</subfield>
    <subfield code="Y">2022-07-11 10:43:08 Europe/Berlin</subfield>
    <subfield code="h">false</subfield>
    <subfield code="M">49HBZ_SIE</subfield>
    <subfield code="s">1</subfield>
    <subfield code="d">8</subfield>
    <subfield code="V">import</subfield>
    <subfield code="b">9089785-10</subfield>
    <subfield code="a">2379886190006462</subfield>
    <subfield code="c">04-67P43</subfield>
    <subfield code="D">20070124</subfield>
    <subfield code="q">2.1964,7 - 38.2000</subfield>
    <subfield code="W">2007-04-18 02:00:00 Europe/Berlin</subfield>
    <subfield code="u">S0001</subfield>
    <subfield code="w">S0001</subfield>
  </datafield>
</record>
